@book{Schwartz_2012,
	author={Vadim Tkachenko, Peter Zaitsev, Baron Schwartz},
	title = {High performance MySQL},
	edition={3},
	publisher = {O'Reilly Media},
	year = {2012},
	place={Beijing},
	isbn = {9781449332471}
}

@misc{mysql_int_performance,
  author={Rakesh Sankar},
  title={{BWorld Robot Control Software}},
  howpublished="\url{https://rakeshsankar.wordpress.com/2010/08/25/mysql-unsigned-int-to-signed-int-performance-tips-index/}",
  year={2010},
  note="[Online; accessed 06-Febrero-2020]"
}

@article{Minguez_rendimiento,
	author={Esteban Mínguez},
	title = {Solución a un problema de Rendimiento en MySQL. Optimización de UVa Online Judge.},
	year = {2015},
	howpublished="\url{http://uvadoc.uva.es/bitstream/handle/10324/14120/TFG-G1192.pdf?sequence=1&isAllowed=y}",
}

@ARTICLE{Hu_2015,
	author={Wang Hu and Yen, G.G.},
	journal={IEEE Transactions on Evolutionary Computation},
	title={Adaptive Multiobjective Particle Swarm Optimization Based on Parallel Cell Coordinate System},
	year={2015},
	volume={19},
	number={1},
	pages={1-18},
	keywords={Pareto optimisation;evolutionary computation;particle swarm optimisation;PCCS;Pareto-optimal front;adaptive grid;adaptive multiobjective particle swarm optimization;archive maintenance;convergence management;crowding distance;density estimation;diversity management;evolutionary environment;leader selection;parallel cell coordinate system;perturbation;self-adaptive MOPSO;Convergence;Estimation;Hypercubes;Optimization;Particle swarm optimization;Sociology;Statistics;Adaptive parameter;Particle swarm optimization (PSO);multi-objective problem (MOP);multiobjective particle swarm optimization;multiobjective particle swarm optimization (MOPSO);multiobjective problem;parallel cell coordinate system;parallel cell coordinate system, adaptive parameter;particle swarm optimization},
	doi={10.1109/TEVC.2013.2296151},
	ISSN={1089-778X},
	month={Feb},
}

@article{Zhao_2016,
	author = {Zhao, Xiaozhou and Bennell, Julia A. and Bektaş, Tolga and Dowsland, Kath},
	title = {A comparative review of 3D container loading algorithms},
	journal = {International Transactions in Operational Research},
	volume = {23},
	number = {1-2},
	pages = {287-320},
	keywords = {cutting and packing, container loading, review},
	doi = {10.1111/itor.12094},
	url = {https://onlinelibrary.wiley.com/doi/abs/10.1111/itor.12094},
	eprint = {https://onlinelibrary.wiley.com/doi/pdf/10.1111/itor.12094},
	year = {2016},
}
